@misc{openssl,
    author = "OpenSSL Project",
    title  = "openssl/openssl",
    howpublished = "\url{https://github.com/openssl/openssl}",
}

@misc{openssl340,
    author = "SLPro Web",
    title  = "Win32 OpenSSL",
    howpublished = "\url{https://slproweb.com/products/Win32OpenSSL.html}",
}

@misc{curl,
    author = "cURL",
    title  = "command line tool and library
for transferring data with URLs",
    howpublished = "\url{https://curl.se/}",
}

@misc{windows.h,
    author = "Microsoft",
    title = "windows.h",
    howpublished = "\url{https://learn.microsoft.com/en-us/windows/win32/api/}",
}

@misc{c++,
    author = "cplusplus.com",
    title = "C++ Language",
    howpublished = "\url{https://cplusplus.com/doc/tutorial/}",
}

@misc{SDL,
    author = "libsdl.org",
    title = "Simple DirectMedia Layer",
    howpublished = "\url{https://www.libsdl.org/}",
}

@misc{repo,
    author = {Anh Khoa and Ha Duong and Duc Tai},
    title = {{Socket Programming: Control Computer via Gmail - CSC10008, AI23@HCMUS}},
    howpublished = {\url{https://github.com/ductai05/socket/}},
    year = {2024},
}

@misc{release,
    author = {Anh Khoa and Ha Duong and Duc Tai},
    title = {{Control Computer via Gmail (release)}},
    howpublished = {\url{https://github.com/ductai05/socket/releases/tag/v1.0.0}},
    year = {2024},
}

@misc{youtube,
    author = {Anh Khoa and Ha Duong and Duc Tai},
    title = {{[Demo Youtube] Control Computer via Gmail}},
    howpublished = {\url{https://www.youtube.com/watch?v=wPzeurOE8So}},
    year = {2024},
}
